@article{biometric,
author = {A.K Jain,A.Ross,S.Prabhakar},
title = {An introduction to biometric recognition},
note={\url{https://ieeexplore.ieee.org/document/1262027}},
conference = {IEEE},
month = {January},
year = {2004}
}
@article{yolo,
author = {Joseph Redmon, Santosh Divvala, Ross Girshick, Ali Farhadi},
title = {You Only Look Once: Unified, Real-Time Object Detection},
note={\url{https://arxiv.org/abs/1506.02640}},
conference = {IEEE},
month = {May},
year = {2016}
}
@article{facenet1,
author = {Florian Schroff, Dmitry Kalenichenko, James Philbin},
title = {FaceNet: A Unified Embedding for Face Recognition and Clustering},
note={\url{https://arxiv.org/abs/1503.03832}},
conference = {IEEE},
month = {June},
year = {2015}
}
@article{facedetect2,
author = {C.N.Ravi Kumar, A.Bindu },
title = {An Efficient Skin Illumination Compensation Model for Efficient Face Detection},
note={\url{https://ieeexplore.ieee.org/document/4153394?tp=&arnumber=4153394&queryText%3Dface%20detection=}},
conference = {IEEE},
month = {Nov},
year = {2006}
}
@article{facedetect,
author = {Wei Chen, Tongfegn Sun },
title = {Face detection based on half face template},
note={\url{https://ieeexplore.ieee.org/document/5274642?tp=&arnumber=5274642&queryText%3Dface%20detection=}},
conference = {IEEE},
month = {August},
year = {2009}
}
@article{face-detect,
author = {Samridhi Dev,Tushar Patnaik},
title = {Student Attendance System using Face Recognition},
note={\url{https://ieeexplore.ieee.org/document/9215441}},
conference = {IEEE},
month = {September},
year = {2020}
}

@misc{facenet,
 author = {Jason Brownlee},
 title = {How to Develop a Face Recognition System Using FaceNet in Keras},
 note={\url{https://machinelearningmastery.com/how-to-develop-a-face-recognition-system-using-facenet-in-keras-and-an-svm-classifier/}},
 month = {Aug 24},
 year = 2020
}@misc{axonator,
 author = {},
 title = {Attendance app for diverse industries using facial recognition},
 note={\url{https://axonator.com/attendance-app#:~:text=Face%20recognition%20is%20auto%2Dtriggered,and%20equipped%20with%20Geofencing%20capabilities.}},
}@misc{software,
 author = {},
 title = {Attendance Monitoring System using Face Recognition},
 note={\url{https://www.irjet.net/archives/V4/i5/IRJET-V4I5228.pdf}},
 year = 2017
}
@misc{face++,
 author = {},
 title = {Facial recognition software},
 note={\url{https://www.faceplusplus.com/}},
}
@misc{face-matching,
 author = {},
 title = {Object-detection face-recognition algorithms},
 note={\url{https://towardsdatascience.com/object-detection-face-recognition-algorithms-146fec385205}},
 month = {Feb 15},
 year = 2019
}